@article{guideline2003stability,
  title={Stability testing of new drug substances and products},
  author={Guideline, IHT and others},
  journal={Q1A (R2), current step},
  volume={4},
  number={1-24},
  year={2003}
}

@article{uddin2017possibility,
  title={On the possibility of extending the lifetime of lithium-ion batteries through optimal V2G facilitated by an integrated vehicle and smart-grid system},
  author={Uddin, Kotub and Jackson, Tim and Widanage, Widanalage D and Chouchelamane, Gael and Jennings, Paul A and Marco, James},
  journal={Energy},
  volume={133},
  pages={710--722},
  year={2017},
  publisher={Elsevier}
}

@article{arrhenius1889reaktionsgeschwindigkeit,
  title={{\"U}ber die Reaktionsgeschwindigkeit bei der Inversion von Rohrzucker durch S{\"a}uren},
  author={Arrhenius, Svante},
  journal={Zeitschrift f{\"u}r physikalische Chemie},
  volume={4},
  number={1},
  pages={226--248},
  year={1889},
  publisher={De Gruyter Oldenbourg}
}

@article{lu2019bayesian,
  title={Bayesian Sequential design based on dual objectives for accelerated life tests},
  author={Lu, Lu and Lee, I-Chen and Hong, Yili},
  journal={Statistical Quality Technologies: Theory and Practice},
  pages={257--275},
  year={2019},
  publisher={Springer}
}

@article{abd2020optimal,
  title={Optimal design of multiple accelerated life testing for generalized half-normal distribution under type-I censoring},
  author={Abd El-Raheem, AM},
  journal={Journal of Computational and Applied Mathematics},
  volume={368},
  pages={112539},
  year={2020},
  publisher={Elsevier}
}

@article{newer2024optimal,
  title={Optimal test plans for accelerated life tests based on progressive type-I censoring with engineering applications},
  author={Newer, Haidy A and Abd-El-Monem, Amel and Al-Shbeil, Isra and Emam, Walid and Nower, Mohamed},
  journal={Alexandria Engineering Journal},
  volume={87},
  pages={604--621},
  year={2024},
  publisher={Elsevier}
}

@article{atkinson1975design,
  title={The design of experiments for discriminating between two rival models},
  author={Atkinson, Anthony C and Fedorov, VV370955},
  journal={Biometrika},
  volume={62},
  number={1},
  pages={57--70},
  year={1975},
  publisher={Oxford University Press}
}

@article{atkinson1975optimal,
  title={Optimal design: Experiments for discriminating between several models},
  author={Atkinson, Anthony C and Fedorov, Valerii Vadimovich},
  journal={Biometrika},
  volume={62},
  number={2},
  pages={289--303},
  year={1975},
  publisher={Oxford University Press}
}

@article{lopez2007optimal,
  title={An optimal experimental design criterion for discriminating between non-normal models},
  author={L{\'o}pez-Fidalgo, Jose and Tommasi, Chiara and Trandafir, Paula C},
  journal={Journal of the Royal Statistical Society Series B: Statistical Methodology},
  volume={69},
  number={2},
  pages={231--242},
  year={2007},
  publisher={Oxford University Press}
}

@article{chen2020hybrid,
  title={Hybrid algorithms for generating optimal designs for discriminating multiple nonlinear models under various error distributional assumptions},
  author={Chen, Ray-Bing and Chen, Ping-Yang and Hsu, Cheng-Lin and Wong, Weng Kee},
  journal={PloS one},
  volume={15},
  number={10},
  pages={e0239864},
  year={2020},
  publisher={Public Library of Science San Francisco, CA USA}
}

@inproceedings{eberhart1995new,
  title={A new optimizer using particle swarm theory},
  author={Eberhart, Russell and Kennedy, James},
  booktitle={MHS'95. Proceedings of the sixth international symposium on micro machine and human science},
  pages={39--43},
  year={1995},
  organization={Ieee}
}

@article{chen2011optimal,
  title={Optimal experimental designs via particle swarm optimization methods},
  author={Chen, Ray-Bing and Chang, Shin-Perng and Wang, Weichung and Wong, WK},
  journal={Preprint, Department of Mathematics, National Taiwan University},
  volume={3},
  year={2011}
}

@article{lukemire2016using,
  title={Using particle swarm optimization to search for locally $ D $-optimal designs for mixed factor experiments with binary response},
  author={Lukemire, Joshua and Mandal, Abhyuday and Wong, Weng Kee},
  journal={arXiv preprint arXiv:1602.02187},
  year={2016}
}

@article{walsh2022fast,
  title={Fast Computation of Highly G-optimal Exact Designs via Particle Swarm Optimization},
  author={Walsh, Stephen J and Borkowski, John J},
  journal={arXiv preprint arXiv:2206.06498},
  year={2022}
}

@book{silvey2013optimal,
  title={Optimal design: an introduction to the theory for parameter estimation},
  author={Silvey, Samuel},
  volume={1},
  year={2013},
  publisher={Springer Science \& Business Media}
}

@article{nasir2015simulation,
  title={Simulation-based Bayesian optimal ALT designs for model discrimination},
  author={Nasir, Ehab A and Pan, Rong},
  journal={Reliability Engineering \& System Safety},
  volume={134},
  pages={1--9},
  year={2015},
  publisher={Elsevier}
}

@article{shannon1948mathematical,
  title={A mathematical theory of communication},
  author={Shannon, Claude E},
  journal={The Bell system technical journal},
  volume={27},
  number={3},
  pages={379--423},
  year={1948},
  publisher={Nokia Bell Labs}
}

@article{park2014kullback,
  title={Kullback--Leibler information of a censored variable and its applications},
  author={Park, Sangun and Shin, Minsuk},
  journal={Statistics},
  volume={48},
  number={4},
  pages={756--765},
  year={2014},
  publisher={Taylor \& Francis}
}

@article{pakgohar2019lin,
  title={Lin--Wong divergence and relations on type I censored data},
  author={Pakgohar, ALIREZA and Habibirad, Arezou and Yousefzadeh, F},
  journal={Communications in Statistics-Theory and Methods},
  volume={48},
  number={19},
  pages={4804--4819},
  year={2019},
  publisher={Taylor \& Francis}
}

@article{chen2015minimax,
  title={Minimax optimal designs via particle swarm optimization methods},
  author={Chen, Ray-Bing and Chang, Shin-Perng and Wang, Weichung and Tung, Heng-Chih and Wong, Weng Kee},
  journal={Statistics and Computing},
  volume={25},
  pages={975--988},
  year={2015},
  publisher={Springer}
}

@article{lopez2002design,
  title={Design issues for the Michaelis--Menten model},
  author={L{\'o}pez-Fidalgo, J and Wong, Weng Kee},
  journal={Journal of Theoretical Biology},
  volume={215},
  number={1},
  pages={1--11},
  year={2002},
  publisher={Elsevier}
}

@book{stoer1980introduction,
  title={Introduction to numerical analysis},
  author={Stoer, Josef and Bulirsch, Roland and Bartels, R and Gautschi, Walter and Witzgall, Christoph},
  volume={1993},
  year={1980},
  publisher={Springer}
}

@book{davis2007methods,
  title={Methods of numerical integration},
  author={Davis, Philip J and Rabinowitz, Philip},
  year={2007},
  publisher={Courier Corporation}
}

@book{coles2001introduction,
  title={An introduction to statistical modeling of extreme values},
  author={Coles, Stuart and Bawa, Joanna and Trenner, Lesley and Dorazio, Pat},
  volume={208},
  year={2001},
  publisher={Springer}
}

@article{pascual1997analysis,
  title={Analysis of fatigue data with runouts based on a model with nonconstant standard deviation and a fatigue limit parameter},
  author={Pascual, Francis G and Meeker, William Q},
  journal={Journal of testing and evaluation},
  volume={25},
  number={3},
  pages={292--301},
  year={1997},
  publisher={ASTM International}
}